@misc{poblacionEncuestas,
	title = {?` {{Q}}u{\'e} son las encuestas y para qu{\'e} sirven?},
	author = {Edgar Trejo},
howpublished = {\url{http://simomexico.com/encuestas/}},
note = {Accedido: 12/12/2018}
}