@misc{mysqlPopular,
	title = {World's Most Popular Open Source Database},
	author = {Oracle},
	howpublished = {\url{https://www.oracle.com/mysql/}},
	note = {Accedido: 29/01/2019}
}

@misc{mysqlRanking,
	title = {DB-Engines Ranking},
	author = {},
	howpublished = {\url{https://db-engines.com/en/ranking}},
	note = {Accedido: 29/01/2019}
}

@misc{tiposDB,
	title = {Caracter{\'i}sticas y tipos de bases de datos},
	author = {Jorge Daniel Anguiano Morales},
	howpublished = {\url{https://www.ibm.com/developerworks/ssa/data/library/tipos_bases_de_datos/index.html}},
	note = {Accedido: 29/01/2019}
}


